@Article{hce:Tesf,
	author = {Tesfatsion, Leigh},
    journal = {Handbook of Computational Economics},
    volume = {2},
    chapter = {16},
    year = {2006},
}

@Article{hce:Judd,
    author = {Judd, Kenneth L.},
    title = {Computationally Intensive Analyses in Economics},
    journal = {Handbook of Computational Economics},
    volume = {2},
    chapter = {17},
    year = {2006},
}


@Article{Tukey62,
    author = {Tukey, John W.},
    title = {The Future of Data Analysis},
    journal = {The Annals of Mathematical Statistics},
    volume = {33},
    number = {1},
    year = {1962},
}

@article{KMP92,
	author = {Kollman, Ken and Miller, John H. and Page, Scott E.},
	title = {Adaptive Parties in Spatial Elections},
	journal = {The American Political Science Review},
	volume = {86},
    number = {4},
	pages = {929--937},
	year = {1992},
}

@article{KMP98,
	author = {Kollman, Ken and Miller, John H. and Page, Scott E.},
	title = {Political Parties and Electoral Landscapes},
	journal = {British Journal of Political Science},
	volume = {28},
    number = {1},
	pages = {139--158},
	year = {1998},
}

@book{Downs57,
	author = {Downs, Anthony},
	title = {An Economic Theory of Democracy},
    publisher = {New York: Harper \& Brothers},
	year = {1957},
}

@article{Hotelling29,
    author = {Hotelling, Harold},
    title={Stability in Competition},
    journal={The Economic Journal},
    volume={39},
    number={153},
    year={1929},
    month={3},
    pages = {41--57}
}


@article{Jackson03,
  title={A computational theory of electoral competition},
  author={Jackson, John E.},
  journal={Computational Models in Political Economy},
  pages={109--42},
  year={2003},
  publisher={MIT Press}
}

@article{Plumper08,
  title={Multi-party competition: A computational model with abstention and memory},
  author={Pl{\"u}mper, T. and Martin, C.W.},
  journal={Electoral Studies},
  volume={27},
  number={3},
  pages={424--441},
  year={2008}
}

@article{Handbook29,
  title={Computational methods and models of politics},
  author={Kollman, Ken and Page, Scott E.},
  journal={Handbook of Computational Economics},
  volume={2},
  pages={1433--1463},
  year={2006}
}

@online{ipsos:prebc,
    title={BC NDP Lead By 8 Points As Campaign Ends},
    author={Ipsos Reid},
    year={2013},
    url={http://www.ipsos-na.com/news-polls/pressrelease.aspx?id=6113},
    urldate={2013-09-21}
}

@online{ipsos:postbc,
    title={Inside the BC Election: What Happened and Why},
    author={Ipsos Reid},
    year={2013},
    url={http://www.ipsos-na.com/news-polls/pressrelease.aspx?id=6120},
    urldate={2013-09-21}
}
